\begin{thebibliography}{9}
@article{einstein,
    author =       "Albert Einstein",
    title =        "{Zur Elektrodynamik bewegter K{\"o}rper}. ({German})
        [{On} the electrodynamics of moving bodies]",
    journal =      "Annalen der Physik",
    volume =       "322",
    number =       "10",
    pages =        "891--921",
    year =         "1905",
    DOI =          "http://dx.doi.org/10.1002/andp.19053221004"
}

@book{latexcompanion,
    author    = "Michel Goossens and Frank Mittelbach and Alexander Samarin",
    title     = "The \LaTeX\ Companion",
    year      = "1993",
    publisher = "Addison-Wesley",
    address   = "Reading, Massachusetts"
}

@misc{knuthwebsite,
    author    = "Donald Knuth",
    title     = "Knuth: Computers and Typesetting",
    url       = "http://www-cs-faculty.stanford.edu/\~{}uno/abcde.html"
}

@article{electron_affinity_99,
    author    = "J.B. Cui and R. Graupner and J. Ristein and L. Ley",
    title     = "Electron Affinity and Band Bending of Single Crystal Diamond (111) Surface",
    journal   = "Diamond and Related Materials",
    volume    = "8",
    number    = "2-5",
    pages     = "748-753",
    year      = "1999",
    DOI       = "10.1016/S0925-9635(98)00309-4",
    URL       = "https://doi.org/10.1016/S0925-9635(98)00309-4",
    eprint    = "https://doi.org/10.1016/S0925-9635(98)00309-4"
}

@article{vacuum_field_emission_04,
    author    = "W.P Kang and J.L. Davidson and A. Wisitsora-at and Y.M. Wong and R. Takalkar and K. Holmes and D.V. Kerns",
    title     = "Diamond vacuum field emission devices",
    journal   = "Diamond and Related Materials",
    volume    = "13",
    number    = "11-12",
    pages     = "1944-1948",
    year      = "2004",
    DOI       = "10.1016/j.diamond.2004.07.024",
    URL       = "https://doi.org/10.1016/j.diamond.2004.07.024",
    eprint    = "https://doi.org/10.1016/j.diamond.2004.07.024"
}

@article{,
    author    = "",
    title     = "",
    journal   = "",
    volume    = "",
    number    = "",
    pages     = "",
    year      = "",
    DOI       = "",
    URL       = "",
    eprint    = ""
}

@article{electrode_adhesion_18,
    author    = "Tom Ichibha and Kenta Hongo and I.Motochi and N.W. Makau and G.O. Amolo and Ryo Maezono",
    title     = "Adhesion of electrodes on diamond (111) surface: A DFT study",
    journal   = "Diamond and Related Materials",
    volume    = "81",
    pages     = "168-175",
    year      = "2018",
    DOI       = "10.1016/j.diamond.2017.12.008",
    URL       = {https://doi.org/10.1016/j.diamond.2017.12.008},
    eprint    = {https://doi.org/10.1016/j.diamond.2017.12.008}
}

@article{titanium_carbide_contacts_06,
    author    = "Leroy,W. P.  and Detavernier,C.  and Van Meirhaeghe,R. L.  and Kellock,A. J.  and Lavoie,C.",
    title     = "Solid-state formation of titanium carbide and molybdenum carbide as contacts for carbon-containing semiconductors",
    journal   = "Journal of Applied Physics",
    volume    = "99",
    number    = "6",
    pages     = "063704",
    year      = "2006",
    doi       = "10.1063/1.2180436",
    URL       = "https://doi.org/10.1063/1.2180436",
    eprint    = "https://doi.org/10.1063/1.2180436"
}

@article{direct_observe_nea_05,
    author    = "Takeuchi,D.  and Kato,H.  and Ri,G. S.  and Yamada,T.  and Vinod,P. R.  and Hwang,D.  and Nebel,C. E.  and Okushi,H.  and Yamasaki,S.",
    title     = "Direct observation of negative electron affinity in hydrogen-terminated diamond surfaces",
    journal   = "Applied Physics Letters",
    volume    = "86",
    number    = "15",
    pages     = "152103",
    year      = "2005",
    doi       = "10.1063/1.1900925",
    URL       = "https://doi.org/10.1063/1.1900925",
    eprint    = "https://doi.org/10.1063/1.1900925"
}

@article{ohmic_trilayer_96,
    author    = "H.A. Hoff and G.L. Waytena and C.L. Vold and J.S. Suehle and I.P. Isaacson and M.L. Rebbert and D.I. Ma and K. Harris",
    title     = "Ohmic contacts to semiconducting diamond using a Ti/Pt/Au trilayer metallization scheme",
    journal   = "Diamond and Related Materials",
    volume    = "5",
    number    = "12",
    pages     = "1450-1456",
    year      = "1996",
    DOI       = "10.1016/S0925-9635(96)00566-3",
    URL       = "https://doi.org/10.1016/S0925-9635(96)00566-3",
    eprint    = "https://doi.org/10.1016/S0925-9635(96)00566-3"
}

@article{emission_suppression_08,
    author    = "D. Takeuchi and M. Ogura and S.-G. Ri and H. Kato and H. Okushi and S. Yamasaki",
    title     = "Electron emission suppression from hydrogen-terminated n-type diamond",
    journal   = "Diamond and Related Materials",
    volume    = "17",
    number    = "6",
    pages     = "986-988",
    year      = "2008",
    DOI       = "10.1016/j.diamond.2008.02.036",
    URL       = "https://doi.org/10.1016/j.diamond.2008.02.036",
    eprint    = "https://doi.org/10.1016/j.diamond.2008.02.036"
}

@article{double_mask_96,
    author    = "D.I. Ma and P. Isaacson and M.L. Rebbert and Christie Marrian",
    title     = "The use of a double mask system to prevent ti diffusion from a Ti/Pt/Au ohmic contact on diamond",
    journal   = "Journal of the Electrochemical Society",
    volume    = "143",
    number    = "7",
    pages     = "2392-2395",
    year      = "1996",
    DOI       = "10.1149/1.1837013",
    URL       = "https://doi.org/10.1149/1.1837013",
    eprint    = "https://doi.org/10.1149/1.1837013"
}

@article{NEA_peak_99,
    author    = "L. Diederich and P. Aebi and O.M. K{\"u}ttel and L. Schlapbach",
    title     = "NEA peak of the differently terminated and orientated diamond surfaces",
    journal   = "Surface Science Letters",
    volume    = "424",
    number    = "2-3",
    pages     = "L314-L320",
    year      = "1999",
    DOI       = "10.1016/S0039-6028(99)00210-1",
    URL       = "https://doi.org/10.1016/S0039-6028(99)00210-1",
    eprint    = "https://doi.org/10.1016/S0039-6028(99)00210-1"
}

@article{new_surface_emission_98,
    author    = "M.W.Geis and N.N. Efremow and K.E. Krohn and J.C. Twichell and T.M. Lyszczarz and R. Kalish and J.A. Greer and M.D. Tabat",
    title     = "A new surface electron-emission mechanism in diamond cathodes",
    journal   = "Nature",
    volume    = "393",
    number    = "6684",
    pages     = "431-435",
    year      = "1998",
    DOI       = "10.1038/30900",
    URL       = "https://doi.org/10.1038/30900",
    eprint    = "https://doi.org/10.1038/30900"
}

@article{gold_work_function,
    title = "The work function of gold",
    journal = "Surface Science",
    volume = "5",
    number = "2",
    pages = "221 - 229",
    year = "1966",
    issn = "0039-6028",
    doi = "10.1016/0039-6028(66)90083-5",
    url = "http://www.sciencedirect.com/science/article/pii/0039602866900835",
    author = "W.M.H. Sachtler and G.J.H. Dorgelo and A.A. Holscher",
    abstract = "The work function of gold films prepared by evaporation of spectrographically pure gold under ultra-high vacuum was determined. Two methods were used: (a) photoelectric emission, and (b) the retarding potential technique. For a fresh gold film deposited at a temperature of about 50 °C the work function was 5.30 eV. After sintering at 200 °C it increased to 5.38 eV. For a gold film deposited at higher temperature the work function was 5.45 eV. Oxygen gas does not bring about a measurable change in the work function of gold at room temperature."
}

@online{contacts,
  author = "B.V. Zeghbroeck",
  title = "Principles of Semiconductor Devices",
  year = 2011,
  url = "https://ecee.colorado.edu/~bart/book/book/append/quick.htm",
  urldate = "2019-12-26"
}

@online{lor,
  title = "MicroChem: Lift-Off Resists Datasheet",
  url = {https://amolf.nl/wp-content/uploads/2016/09/datasheets_LOR_datasheet.pdf},
  urldate = "2020-01-05",
  year = "2002"
  }

  @online{s18,
    title = "Shipley Microposit S1800 series photo resists",
    url = {https://amolf.nl/wp-content/uploads/2016/09/datasheets_S1800.pdf},
    urldate = "2020-01-05",
    }

@online{hitachi_sem,
  title = "Cold Field Emission Technology",
  url = "https://www.hitachi-hightech.com/global/science/technical/tech/microscopes/cold_fe/",
  urldate = "2020-01-03"
}

@article{lin_koizumi_yater_koeck_2014,
  title={Diamond electron emission},
  volume={39},
  DOI={10.1557/mrs.2014.101},
  number={6},
  journal={MRS Bulletin},
  publisher={Cambridge University Press},
  author={Lin, I-Nan and Koizumi, Satoshi and Yater, Joan and Koeck, Franz},
  year={2014},
  pages={533–541},
  url = {https://doi.org/10.1557/mrs.2014.101}
  }

  @article{Takeuchi_2010,
  	doi = {10.1143/apex.3.041301},
  	url = {https://doi.org/10.1143%2Fapex.3.041301},
  	year = 2010,
  	month = {mar},
  	publisher = {{IOP} Publishing},
  	volume = {3},
  	number = {4},
  	pages = {041301},
  	author = {Daisuke Takeuchi and Toshiharu Makino and Hiromitsu Kato and Masahiko Ogura and Norio Tokuda and Kazuhiro Oyama and Tsubasa Matsumoto and Izumi Hirabayashi and Hideyo Okushi and Satoshi Yamasaki},
  	title = {Electron Emission from a Diamond (111) p-i-n+ Junction Diode with Negative Electron Affinity during Room Temperature Operation},
  	journal = {Applied Physics Express},
  	abstract = {We successfully observed electron emission from hydrogenated diamond (111) p–i–n+ junction diodes with negative electron affinity during room temperature operation. A heavily doped layer and p–i–n junction structure, rather than a p–n junction structure, play important roles in obtaining high diode and emission currents. The emission started when the applied bias voltage was equal to the expected built-in potential, and the emission current reached 8.8 µA during the room temperature operation. In this high current region, we observed an increase in quantum efficiency – a nonlinear increase in emission current.}
    }

@article{charaterise_p_doped_97,
    author = {Koizumi,S.  and Kamo,M.  and Sato,Y.  and Ozaki,H.  and Inuzuka,T. },
    title = {Growth and characterization of phosphorous doped {111} homoepitaxial diamond thin films},
    journal = {Applied Physics Letters},
    volume = {71},
    number = {8},
    pages = {1065-1067},
    year = {1997},
    doi = {10.1063/1.119729},
    URL = {https://doi.org/10.1063/1.119729},
    eprint = {https://doi.org/10.1063/1.119729}
    }

@article{thermionic_low_work_function,
    title = "Thermionic electron emission from low work-function phosphorus doped diamond films",
    journal = "Diamond and Related Materials",
    volume = "18",
    number = "5",
    pages = "789 - 791",
    year = "2009",
    note = "Proceedings of Diamond 2008, the 19th European Conference on Diamond, Diamond-Like Materials, Carbon Nanotubes, Nitrides and Silicon Carbide",
    issn = "0925-9635",
    doi = "https://doi.org/10.1016/j.diamond.2009.01.024",
    url = "http://www.sciencedirect.com/science/article/pii/S0925963509000259",
    author = "Franz A.M. Koeck and Robert J. Nemanich and Andrada Lazea and Ken Haenen",
    keywords = "diamond, chemical vapor deposition, doping, phosphorus",
    }

@article{n_type_doping_single_crystalline_diamond_by_phosphorus,
    author = {Kato,Hiromitsu  and Yamasaki,Satoshi  and Okushi,Hideyo },
    title = {n-type doping of (001)-oriented single-crystalline diamond by phosphorus},
    journal = {Applied Physics Letters},
    volume = {86},
    number = {22},
    pages = {222111},
    year = {2005},
    doi = {10.1063/1.1944228},
    URL = {https://doi.org/10.1063/1.1944228},
    eprint = {https://doi.org/10.1063/1.1944228}
    }

@article{oxygen_pea_03,
    title = "Interaction of thermally activated and molecular oxygen with hydrogenated polycrystalline diamond surfaces studied by synchrotron radiation techniques",
    journal = "Surface Science",
    volume = "522",
    number = "1",
    pages = "L1 - L8",
    year = "2003",
    issn = "0039-6028",
    doi = "https://doi.org/10.1016/S0039-6028(02)02409-3",
    url = "http://www.sciencedirect.com/science/article/pii/S0039602802024093",
    author = "A Laikhtman and A Hoffman",
    keywords = "Diamond, Oxygen, Hydrogen atom, Chemisorption",
    }

@article{electron_emission_pin_2014,
	  doi = {10.7567/jjap.53.05fp07},
	  url = {https://doi.org/10.7567%2Fjjap.53.05fp07},
	  year = 2014,
    month = {apr},
	  publisher = {Japan Society of Applied Physics},
	  volume = {53},
	  number = {5S1},
	  pages = {05FP07},
	  author = {Daisuke Takeuchi and Satoshi Koizumi and Toshiharu Makino and Hiromitsu Kato and Hideyo Okushi and Hiromichi Ohashi and Satoshi Yamasaki},
	  title = {Investigation of electron emission site of p-i-n diode-type emitters with negative electron affinity},
	  journal = {Japanese Journal of Applied Physics},
}

@article{diamond_properties_95,
    author = {Paul W. May},
    year = {1995},
    title = {CVD Diamond - a new Technology for the Future?},
    journal = {Endeavour Magazine},
    volume = {19},
    number = {3},
    pages = {101-106}
}

@article{2dhg,
author = {Maier, F and Riedel, Mark and Mantel, B and Ristein, J and Ley, L.},
year = {2000},
month = {11},
pages = {3472-5},
title = {Origin of Surface Conductivity in Diamond},
volume = {85},
journal = {Physical review letters},
doi = {10.1103/PhysRevLett.85.3472}
}

@article{surface_transfer_doping_moo3_2013,
author = {Russell,Stephen A. O.  and Cao,Liang  and Qi,Dongchen  and Tallaire,Alexandre  and Crawford,Kevin G.  and Wee,Andrew T. S.  and Moran,David A. J. },
title = {Surface transfer doping of diamond by MoO3: A combined spectroscopic and Hall measurement study},
journal = {Applied Physics Letters},
volume = {103},
number = {20},
pages = {202112},
year = {2013},
doi = {10.1063/1.4832455},
URL = {https://doi.org/10.1063/1.4832455},
eprint = {https://doi.org/10.1063/1.4832455}
}

@Article{platinum_work_function_14,
author="Florian Gossenberger and Tanglaw Roman and Katrin Forster-Tonigold and Axel Groß",
title="Change of the work function of platinum electrodes induced by halide adsorption",
journal="Beilstein Journal of Nanotechnology",
year="2014",
volume="5",
pages="152-161",
issn="2190-4286",
doi="10.3762/bjnano.5.15",
copyright="Gossenberger et al; licensee Beilstein-Institut.",
}

@Inbook{titanium_work_function_79,
author="H{\"o}lzl, J.
and Schulte, F. K.",
editor="H{\"o}lzl, Josef
and Schulte, Franz K.
and Wagner, Heribert",
title="Work function of metals",
bookTitle="Solid Surface Physics",
year="1979",
publisher="Springer Berlin Heidelberg",
address="Berlin, Heidelberg",
pages="1--150",
isbn="978-3-540-35253-2",
doi="10.1007/BFb0048919",
url="https://doi.org/10.1007/BFb0048919"
}

@online{evince_tech,
  title = "Evince Technology: Our Technology",
  url = "http://www.evincetechnology.com/our_technology.html",
  urldate = "2020-01-15"
}

@article{ion_thruster,
title = "Technology of Electron-Bombardment Ion Thrusters",
editor = "L. Marton",
series = "Advances in Electronics and Electron Physics",
publisher = "Academic Press",
volume = "36",
pages = "265 - 373",
year = "1975",
issn = "0065-2539",
doi = "https://doi.org/10.1016/S0065-2539(08)61121-X",
url = "http://www.sciencedirect.com/science/article/pii/S006525390861121X",
author = "Harold R. Kaufman",
}

@article{001_conductivity_05,
title = "n-type conductivity of phosphorus-doped homoepitaxial single crystal diamond on (001) substrate",
journal = "Diamond and Related Materials",
volume = "14",
number = "11",
pages = "2007 - 2010",
year = "2005",
note = "Proceedings of the 10th International Conference on New Diamond Science and Technology (ICNDST-10)",
issn = "0925-9635",
doi = "https://doi.org/10.1016/j.diamond.2005.08.021",
url = "http://www.sciencedirect.com/science/article/pii/S0925963505003389",
author = "Hiromitsu Kato and Satoshi Yamasaki and Hideyo Okushi",
}

@article{Kato_2007,
	doi = {10.1088/0022-3727/40/20/s05},
	url = {https://doi.org/10.1088%2F0022-3727%2F40%2F20%2Fs05},
	year = 2007,
	month = {oct},
	publisher = {{IOP} Publishing},
	volume = {40},
	number = {20},
	pages = {6189--6200},
	author = {Hiromitsu Kato and Toshiharu Makino and Satoshi Yamasaki and Hideyo Okushi},
	title = {n-type diamond growth by phosphorus doping on (001)-oriented surface},
	journal = {Journal of Physics D: Applied Physics},

}

@article{highly_doped_p_diamond_05,
author = {Yamada,Takatoshi  and Nebel,Christoph E.  and Rezek,Bohuslav  and Takeuchi,Daisuke  and Fujimori,Naoji  and Namba,Akihiko  and Nishibayashi,Yoshiki  and Yamaguchi,Hisato  and Saito,Ichitaro  and Okano,Ken },
title = {Field emission mechanism of oxidized highly phosphorus-doped homoepitaxial diamond (111)},
journal = {Applied Physics Letters},
volume = {87},
number = {23},
pages = {234107},
year = {2005},
doi = {10.1063/1.2135875},
URL = {https://doi.org/10.1063/1.2135875},
eprint = {https://doi.org/10.1063/1.2135875}
}

@article{111_pdd_contact_res,
author = {Kato,Hiromitsu  and Umezawa,Hitoshi  and Tokuda,Norio  and Takeuchi,Daisuke  and Okushi,Hideyo  and Yamasaki,Satoshi },
title = {Low specific contact resistance of heavily phosphorus-doped diamond film},
journal = {Applied Physics Letters},
volume = {93},
number = {20},
pages = {202103},
year = {2008},
doi = {10.1063/1.3005639},
URL = {https://doi.org/10.1063/1.3005639},
eprint = {https://doi.org/10.1063/1.3005639}
}

@article{Yamada_electron_emission_band_bending_15,
	doi = {10.1088/0022-3727/49/4/045102},
	url = {https://doi.org/10.1088%2F0022-3727%2F49%2F4%2F045102},
	year = 2015,
	month = {dec},
	publisher = {{IOP} Publishing},
	volume = {49},
	number = {4},
	pages = {045102},
	author = {Takatoshi Yamada and Tomoaki Masuzawa and Hidenori Mimura and Ken Okano},
	title = {Electron emission from conduction band of heavily phosphorus doped diamond negative electron affinity surface},
	journal = {Journal of Physics D: Applied Physics},
}

@article{contact_barrier_height_15,
title = "Direct determination of the barrier height of Ti-based ohmic contact on p-type diamond (001)",
journal = "Diamond and Related Materials",
volume = "60",
pages = "117 - 122",
year = "2015",
issn = "0925-9635",
doi = "https://doi.org/10.1016/j.diamond.2015.10.028",
url = "http://www.sciencedirect.com/science/article/pii/S0925963515300765",
author = "S. Kono and T. Teraji and H. Kodama and K. Ichikawa and S. Ohnishi and A. Sawabe",
}

@article{carrier_transport_ohmic_contacts_97,
author = {Yokoba,M.  and Koide,Yasuo  and Otsuki,A.  and Ako,F.  and Oku,T.  and Murakami,Masanori },
title = {Carrier transport mechanism of Ohmic contact to p-type diamond},
journal = {Journal of Applied Physics},
volume = {81},
number = {10},
pages = {6815-6821},
year = {1997},
doi = {10.1063/1.365240},
URL = {https://doi.org/10.1063/1.365240},
eprint = {https://doi.org/10.1063/1.365240}
}

  \end{thebibliography}
